<record><leader>00000cas a22000007a 4500</leader><controlfield tag="001">12157957</controlfield><controlfield tag="008">850614d19121943inuwr ne      0    0eng d</controlfield><datafield ind1=" " ind2=" " tag="010"><subfield code="a">sn 85047950 </subfield></datafield><datafield ind1=" " ind2=" " tag="040"><subfield code="a">NPI</subfield><subfield code="b">eng</subfield><subfield code="c">NPI</subfield><subfield code="d">OCLCQ</subfield></datafield><datafield ind1=" " ind2=" " tag="042"><subfield code="a">msc</subfield></datafield><datafield ind1="0" ind2=" " tag="130"><subfield code="a">Hope star-journal (Hope, Ind.)</subfield></datafield><datafield ind1="1" ind2="0" tag="245"><subfield code="a">Hope star-journal.</subfield></datafield><datafield ind1=" " ind2=" " tag="260"><subfield code="a">Hope, Ind. :</subfield><subfield code="b">H.S. Dixon,</subfield><subfield code="c">1912-1943.</subfield></datafield><datafield ind1=" " ind2=" " tag="300"><subfield code="a">v. :</subfield><subfield code="b">ill. ;</subfield><subfield code="c">56 cm.</subfield></datafield><datafield ind1=" " ind2=" " tag="310"><subfield code="a">Weekly</subfield></datafield><datafield ind1="0" ind2=" " tag="362"><subfield code="a">Vol. 28, no. 1 (Oct. 3, 1912)-v. 7 = old vol. 64, no. 21 (Nov. 4, 1943).</subfield></datafield><datafield ind1=" " ind2=" " tag="500"><subfield code="a">Publishers: 1912-1933, Harmon Dixon; &lt;1937-1940&gt;, E.P. Dixon; &lt;1940&gt;-1943, Paul A. Hackett.</subfield></datafield><datafield ind1=" " ind2=" " tag="500"><subfield code="a">Independent; changed to Democratic before ceasing. Cf. Miller.</subfield></datafield><datafield ind1=" " ind2=" " tag="515"><subfield code="a">Suspended publication from Sept. 15, 1933 to about 1937 Cf. Miller, John W. Indiana newspaper bibliog.</subfield></datafield><datafield ind1=" " ind2=" " tag="580"><subfield code="a">Published also in a daily edition called: Evening star-journal (Hope, Ind.).</subfield></datafield><datafield ind1=" " ind2=" " tag="752"><subfield code="a">United States</subfield><subfield code="b">Indiana</subfield><subfield code="c">Bartholomew</subfield><subfield code="d">Hope.</subfield></datafield><datafield ind1="1" ind2=" " tag="775"><subfield code="t">Evening star-journal (Hope, Ind.)</subfield><subfield code="w">(DLC)sn 85047953</subfield></datafield><datafield ind1="0" ind2="4" tag="780"><subfield code="t">Hope star (Hope, Ind.)</subfield><subfield code="w">(DLC)sn 85047949</subfield></datafield><datafield ind1="0" ind2="4" tag="780"><subfield code="t">Hope journal (Hope, Ind. : Weekly)</subfield></datafield><datafield ind1="0" ind2="0" tag="785"><subfield code="t">Star-journal (Hope, Ind.)</subfield><subfield code="w">(DLC)sn 85047951</subfield></datafield><datafield ind1="1" ind2=" " tag="029"><subfield code="a">AU@</subfield><subfield code="b">000025839563</subfield></datafield></record>